@BOOK{book1,
    author = "Nicu Boboc",
    title = "Analiză Matematică",
    publisher = "Editura Universității București",
    year = "1992, 1993 (2 vol.)"
}

@BOOK{book2,
    author = "Ion Colojoară",
    title = "Analiză Matematică",
    publisher = "Editura Didactică și Pedagogică București",
    year = "1983"
}

@BOOK{book3,
    author = "XXX",
    title = "Analiză Matematică",
    publisher = "Editura Didactică și Pedagogică București",
    year = "Ediția V, 1980 (2 vol.)"
}
